<record><leader>00000cas a22000007a 4500</leader><controlfield tag="001">4828153</controlfield><controlfield tag="008">790406d18801987maudn ne      0   a0eng d</controlfield><datafield ind1=" " ind2=" " tag="010"><subfield code="a">sn 79002420 </subfield></datafield><datafield ind1=" " ind2=" " tag="040"><subfield code="a">NSD</subfield><subfield code="b">eng</subfield><subfield code="c">NSD</subfield><subfield code="d">MGN</subfield><subfield code="d">OCL</subfield><subfield code="d">NSD</subfield><subfield code="d">MGN</subfield><subfield code="d">OCL</subfield><subfield code="d">MGN</subfield><subfield code="d">CNW</subfield><subfield code="d">MGN</subfield><subfield code="d">OCLCQ</subfield></datafield><datafield ind1=" " ind2=" " tag="012"><subfield code="j">0</subfield><subfield code="k">1</subfield><subfield code="l">1</subfield><subfield code="m">d</subfield></datafield><datafield ind1=" " ind2=" " tag="019"><subfield code="a">9585258</subfield></datafield><datafield ind1="1" ind2=" " tag="022"><subfield code="a">0191-2828</subfield><subfield code="l">0191-2828</subfield><subfield code="2">1</subfield></datafield><datafield ind1=" " ind2=" " tag="037"><subfield code="b">Springfield Daily News, 1860 Main St., Springfield, Mass. 01101</subfield></datafield><datafield ind1=" " ind2=" " tag="042"><subfield code="a">nsdp</subfield><subfield code="a">msc</subfield></datafield><datafield ind1="0" ind2=" " tag="130"><subfield code="a">Springfield daily news (Springfield, Mass. : 1880)</subfield></datafield><datafield ind1=" " ind2="0" tag="222"><subfield code="a">Springfield daily news</subfield></datafield><datafield ind1="1" ind2="0" tag="245"><subfield code="a">Springfield daily news.</subfield></datafield><datafield ind1=" " ind2=" " tag="260"><subfield code="a">Springfield, Mass. :</subfield><subfield code="b">Daily News Pub. Co.</subfield></datafield><datafield ind1=" " ind2=" " tag="310"><subfield code="a">Daily (except Sun.)</subfield></datafield><datafield ind1="1" ind2=" " tag="362"><subfield code="a">Began Feb. 24, 1880.</subfield></datafield><datafield ind1="0" ind2=" " tag="362"><subfield code="a">-May 30, 1987.</subfield></datafield><datafield ind1=" " ind2=" " tag="500"><subfield code="a">Published the "Junior newspaper", weekly, Oct. 22, 1927-&lt;Apr.1, 1944&gt; for children under sixteen.</subfield></datafield><datafield ind1=" " ind2=" " tag="500"><subfield code="a">Published in several regional editions, &lt;1962&gt;-1987.</subfield></datafield><datafield ind1=" " ind2=" " tag="588"><subfield code="a">Description based on: 25th year, no. 264 (Jan. 2, 1905).</subfield></datafield><datafield ind1=" " ind2="4" tag="651"><subfield code="a">Springfield (Mass.)</subfield><subfield code="v">Newspapers.</subfield></datafield><datafield ind1=" " ind2=" " tag="752"><subfield code="a">United States</subfield><subfield code="b">Massachusetts</subfield><subfield code="c">Hampden</subfield><subfield code="d">Springfield.</subfield></datafield><datafield ind1="0" ind2="0" tag="780"><subfield code="t">Penny news</subfield></datafield><datafield ind1="0" ind2="7" tag="785"><subfield code="t">Morning union (Springfield, Mass.)</subfield><subfield code="x">0191-281X</subfield><subfield code="w">(DLC)sn 86071871</subfield><subfield code="w">(OCoLC)14159203</subfield></datafield><datafield ind1="0" ind2="7" tag="785"><subfield code="t">Union-news (Springfield, Mass.)</subfield><subfield code="w">(DLC)sn 87008222</subfield><subfield code="w">(OCoLC)16122795</subfield></datafield><datafield ind1=" " ind2=" " tag="936"><subfield code="a">March 9, 1979</subfield></datafield><datafield ind1="1" ind2=" " tag="029"><subfield code="a">AU@</subfield><subfield code="b">000025797722</subfield></datafield></record>